@STRING{CL                = {Computational Linguistics}}
@STRING{LREC-06 = {Proceedings of the 5th International Conference on Language Resources and Evaluation ({LREC})}}
@STRING{ACL-10 = {Proceedings of the 48th Annual Meeting of the Association for Computational Linguistics ({ACL})}}
@STRING{ACL-08 = {Proceedings of the 46th Annual Meeting of the Association
for Computational Linguistics ({ACL})}}
@STRING{EMNLP = {Proceedings of the Conference on Empirical Methods
in Natural Language Processing ({EMNLP})}}
@STRING{IWPT-05 = {Proceedings of the 9th International Workshop on Parsing Technologies ({IWPT})}}
@STRING{NAACL-10 = {Human Language Technologies: The 2010 Annual Conference of the North American Chapter of the Association for Computational Linguistics (NAACL HLT)}}

@inproceedings{nivre:04,
  author    = {Nivre, Joakim  and  Hall, Johan  and  Nilsson, Jens},
  title     = {Memory-Based Dependency Parsing},
  booktitle = {HLT-NAACL 2004 Workshop: Eighth Conference on Computational Natural Language Learning (CoNLL-2004) },
  editor = {Hwee Tou Ng and Ellen Riloff},
  year      = 2004,
  month     = {May 6 - May 7},
  address   = {Boston, Massachusetts, USA},
  publisher = {Association for Computational Linguistics},
  pages     = {49--56}
}

@InProceedings{zhang:08,
  author    = {Zhang, Yue  and  Clark, Stephen},
  title     = {A Tale of Two Parsers: {I}nvestigating and Combining Graph-based and Transition-based Dependency Parsing},
  booktitle = {Proceedings of the 2008 Conference on Empirical Methods in Natural Language Processing},
  month     = {October},
  year      = {2008},
  address   = {Honolulu, Hawaii},
  publisher = {Association for Computational Linguistics},
  pages     = {562--571},
  url       = {http://www.aclweb.org/anthology/D08-1059}
}

@InProceedings{zhang:11,
  author    = {Zhang, Yue  and  Nivre, Joakim},
  title     = {Transition-based Dependency Parsing with Rich Non-local Features},
  booktitle = {Proceedings of the 49th Annual Meeting of the Association for Computational Linguistics: Human Language Technologies},
  month     = {June},
  year      = {2011},
  address   = {Portland, Oregon, USA},
  publisher = {Association for Computational Linguistics},
  pages     = {188--193},
  url       = {http://www.aclweb.org/anthology/P11-2033}
}

@InProceedings{goldberg:12,
  author    = {Goldberg, Yoav  and  Nivre, Joakim},
  title     = {A Dynamic Oracle for Arc-Eager Dependency Parsing},
  booktitle = {Proceedings of the 24th International Conference on Computational Linguistics (Coling 2012)},
  month     = {December},
  year      = {2012},
  address   = {Mumbai, India},
  publisher = {Association for Computational Linguistics},
}


@article{zhang_pos:11,
  author    = {Yue Zhang and
               Stephen Clark},
  title     = {Syntactic Processing Using the Generalized Perceptron and
               Beam Search},
  journal   = {Computational Linguistics},
  volume    = {37},
  number    = {1},
  year      = {2011},
  pages     = {105-151},
  ee        = {http://dx.doi.org/10.1162/coli_a_00037},
  bibsource = {DBLP, http://dblp.uni-trier.de}
}and 

@article { nivre:squib,
	title = {Going to the Roots of Dependency Parsing},
	journal = {Computational Linguistics. 39:1},
	year = {2013},
	author = {Miguel Ballesteros and Joakim Nivre}
}

@article{marcus:94,
author = {Marcus, Mitchell P. and Santorini, Beatrice and Marcinkiewicz, Mary Ann},
year = {1993},
title = {Building a Large Annotated Corpus of {E}nglish: The {P}enn {T}reebank},
journal = CL,
volume = {19},
pages = {313--330}
} 

@article{nivre:cl,
author = {Nivre, Joakim},
title = {Algorithms for Deterministic Incremental Dependency Parsing},
year = {2008},
journal = CL,
volume = {34},
issue = {4}, 
pages = {513--553}
}

@inproceedings{stanford_deps,
author = {de Marneffe, Marie-Catherine and MacCartney, Bill and Manning, Christopher D.},
year = {2006},
title = {Generating Typed Dependency Parses from Phrase Structure Parses},
booktitle = LREC-06}
}

@InProceedings{koo:10,
  author    = {Koo, Terry  and  Collins, Michael},
  title     = {Efficient Third-Order Dependency Parsers},
  booktitle = ACL-10,
  year      = {2010},
  pages     = {1--11}
}

@inproceedings{torresmartins:08:stacking,
  author    = {Martins, Andr\'{e} Filipe  and  Das, Dipanjan  and  Smith, Noah A.  and  Xing, Eric P.},
  title     = {Stacking Dependency Parsers},
  booktitle = EMNLP,
  year      = {2008},
  pages     = {157--166}
}

@inproceedings{nivre-mcdonald-stacking,
author = {Nivre, Joakim and McDonald, Ryan},
year = {2008},
title = {Integrating Graph-Based and Transition-Based Dependency Parsers},
booktitle = ACL-08,
pages = {950--958}
}

@inproceedings{hall05iwpt,
author = {Hall, Keith and Nov{\'{a}}k, Vaclav},
year = {2005},
title = {Corrective modeling for non-projective dependency parsing},
booktitle = IWPT-05,
pages = {42--52}
}

@inproceedings{goldberg10,
  author    = {Goldberg, Yoav  and  Elhadad, Michael},
  title     = {An Efficient Algorithm for Easy-First Non-Directional Dependency Parsing},
  booktitle = NAACL-10,
  year      = {2010},
  pages     = {742--750}
}

@InProceedings{huang:10,
  author    = {Huang, Liang  and  Sagae, Kenji},
  title     = {Dynamic Programming for Linear-Time Incremental Parsing},
  booktitle = ACL-10,
  year      = {2010},
  pages     = {1077--1086}
}

@inproceedings{kuhlmann:11,
 author = {Kuhlmann, Marco and G\'{o}mez-Rodr\'{\i}guez, Carlos and Satta, Giorgio},
 title = {Dynamic programming algorithms for transition-based dependency parsers},
 booktitle = {Proceedings of the 49th Annual Meeting of the Association for Computational Linguistics: Human Language Technologies - Volume 1},
 series = {HLT '11},
 year = {2011},
 isbn = {978-1-932432-87-9},
 location = {Portland, Oregon},
 pages = {673--682},
 numpages = {10},
 url = {http://dl.acm.org/citation.cfm?id=2002472.2002558},
 acmid = {2002558},
 publisher = {Association for Computational Linguistics},
 address = {Stroudsburg, PA, USA},
} 
@InProceedings{attardi:07,
  author    = {Attardi, Giuseppe  and  Ciaramita, Massimiliano},
  title     = {Tree Revision Learning for Dependency Parsing},
  booktitle = {Human Language Technologies 2007: The Conference of the North American Chapter of the Association for Computational Linguistics; Proceedings of the Main Conference},
  month     = {April},
  year      = {2007},
  address   = {Rochester, New York},
  publisher = {Association for Computational Linguistics},
  pages     = {388--395},
  url       = {http://www.aclweb.org/anthology/N/N07/N07-1049}
}

@InProceedings{vadas:07,
  author    = {Vadas, David  and  Curran, James},
  title     = {Adding Noun Phrase Structure to the Penn Treebank},
  booktitle = {Proceedings of the 45th Annual Meeting of the Association of Computational Linguistics},
  month     = {June},
  year      = {2007},
  address   = {Prague, Czech Republic},
  publisher = {Association for Computational Linguistics},
  pages     = {240--247},
  url       = {http://www.aclweb.org/anthology/P/P07/P07-1031}
}

